<record><leader>00000cas a22000007a 4500</leader><controlfield tag="001">30929933</controlfield><controlfield tag="008">940811d18701872vauwr ne      0    0eng d</controlfield><datafield ind1=" " ind2=" " tag="010"><subfield code="a">sn 94059385 </subfield></datafield><datafield ind1=" " ind2=" " tag="040"><subfield code="a">NVK</subfield><subfield code="b">eng</subfield><subfield code="c">NVK</subfield><subfield code="d">OCL</subfield><subfield code="d">OCLCQ</subfield><subfield code="d">OCLCF</subfield><subfield code="d">OCLCO</subfield></datafield><datafield ind1="1" ind2=" " tag="029"><subfield code="a">AU@</subfield><subfield code="b">000025854364</subfield></datafield><datafield ind1=" " ind2=" " tag="042"><subfield code="a">msc</subfield></datafield><datafield ind1=" " ind2=" " tag="043"><subfield code="a">n-us-va</subfield></datafield><datafield ind1="0" ind2=" " tag="130"><subfield code="a">New commonwealth (Farmville, Va.)</subfield></datafield><datafield ind1="1" ind2="4" tag="245"><subfield code="a">The New commonwealth.</subfield></datafield><datafield ind1=" " ind2=" " tag="260"><subfield code="a">Farmville, Va. :</subfield><subfield code="b">A.B. Venable,</subfield><subfield code="c">1870-</subfield></datafield><datafield ind1=" " ind2=" " tag="300"><subfield code="a">v.</subfield></datafield><datafield ind1=" " ind2=" " tag="310"><subfield code="a">Weekly</subfield></datafield><datafield ind1="0" ind2=" " tag="362"><subfield code="a">Vol. 1, no. 1 (July 7, 1870)-</subfield></datafield><datafield ind1="1" ind2=" " tag="362"><subfield code="a">Ceased in 1872.</subfield><subfield code="z">Cf. Cappon, L.J. Va. newspapers.</subfield></datafield><datafield ind1=" " ind2="0" tag="651"><subfield code="a">Farmville (Va.)</subfield><subfield code="v">Newspapers.</subfield></datafield><datafield ind1=" " ind2="7" tag="655"><subfield code="a">Newspapers.</subfield><subfield code="2">fast</subfield><subfield code="0">(OCoLC)fst01423814</subfield></datafield><datafield ind1=" " ind2="7" tag="651"><subfield code="a">Virginia</subfield><subfield code="z">Farmville.</subfield><subfield code="2">fast</subfield><subfield code="0">(OCoLC)fst01226898</subfield></datafield><datafield ind1=" " ind2=" " tag="752"><subfield code="a">United States</subfield><subfield code="b">Virginia</subfield><subfield code="c">Prince Edward</subfield><subfield code="d">Farmville.</subfield></datafield><datafield ind1="0" ind2="0" tag="780"><subfield code="t">Farmville weekly news</subfield><subfield code="w">(DLC)sn 85025274</subfield></datafield><datafield ind1="0" ind2="0" tag="785"><subfield code="t">Farmville commonwealth (Farmville, Va. : 1872: weekly)</subfield><subfield code="w">(DLC)sn 85034362</subfield></datafield></record>